@inproceedings{agrawal,
  title={Fast algorithms for mining association rules},
  author={Agrawal, Rakesh and Srikant, Ramakrishnan and others},
  booktitle={Proc. 20th int. conf. very large data bases, VLDB},
  volume={1215},
  pages={487--499},
  year={1994}
}

@phdthesis{Saldivar:2012,
 author = {Saldivar, Manuel Gerardo},
 advisor = {Kirshner, Benjamin R. and Sumner, Tamara R.},
 title = {Teacher Adoption of a Web-based Instructional Planning System},
 year = {2012},
 isbn = {978-1-267-33580-7},
 note = {AAI3508034},
 publisher = {University of Colorado at Boulder},
 address = {Boulder, CO, USA},
} 

@article{montgomery2004modeling,
  title={Modeling online browsing and path analysis using clickstream data},
  author={Montgomery, Alan L and Li, Shibo and Srinivasan, Kannan and Liechty, John C},
  journal={Marketing Science},
  volume={23},
  number={4},
  pages={579--595},
  year={2004},
  publisher={INFORMS}
}

@inproceedings{sumner:team,
  title={Customizing science instruction with educational digital libraries},
  author={Sumner, Tamara and Team, CCS},
  booktitle={Proceedings of the 10th annual joint conference on Digital libraries},
  pages={353--356},
  year={2010},
  organization={ACM}
}

@incollection{@incollection{angeletou2011modelling,
  title={Modelling and analysis of user behaviour in online communities},
  author={Angeletou, Sofia and Rowe, Matthew and Alani, Harith},
  booktitle={The Semantic Web--ISWC 2011},
  pages={35--50},
  year={2011},
  publisher={Springer}
}
@incollection{angeletou2011modelling,
  title={Modelling and analysis of user behaviour in online communities},
  author={Angeletou, Sofia and Rowe, Matthew and Alani, Harith},
  booktitle={The Semantic Web--ISWC 2011},
  pages={35--50},
  year={2011},
  publisher={Springer}
}

@book{han2006data,
  title={Data mining: concepts and techniques},
  author={Han, Jiawei and Kamber, Micheline and Pei, Jian},
  year={2006},
  publisher={Morgan kaufmann}
}
@article{hall1979concerns,
  title={The Concerns-Based Approach to Facilitating Change.},
  author={Hall, Gene E},
  journal={Educational Horizons},
  volume={57},
  number={4},
  pages={202--08},
  year={1979},
  publisher={ERIC}
}
@article{legris2003people,
  title={Why do people use information technology? A critical review of the technology acceptance model},
  author={Legris, Paul and Ingham, John and Collerette, Pierre},
  journal={Information \& management},
  volume={40},
  number={3},
  pages={191--204},
  year={2003},
  publisher={Elsevier}
}
@article{straub2009understanding,
  title={Understanding technology adoption: Theory and future directions for informal learning},
  author={Straub, Evan T},
  journal={Review of Educational Research},
  volume={79},
  number={2},
  pages={625--649},
  year={2009},
  publisher={SAGE Publications}
}
@book{rogers2010diffusion,
  title={Diffusion of innovations},
  author={Rogers, Everett M},
  year={2010},
  publisher={Simon and Schuster}
}
@article{fuller1975concerns,
  title={Concerns of teachers: A developmental conceptualization},
  author={Fuller, Frances F},
  journal={Teaching Effectiveness: Its Meaning, Assessment, and Improvement},
  pages={175},
  year={1975},
  publisher={Educational Technology}
}

@article{shih2004beyond,
  title={Beyond adoption: development and application of a use-diffusion model},
  author={Shih, Chuan-Fong and Venkatesh, Alladi},
  journal={Journal of Marketing},
  volume={68},
  number={1},
  pages={59--72},
  year={2004},
  publisher={American Marketing Association}
}

@article{maullunderstanding,
  title={Understanding Digital Library Adoption: A Use Diffusion Approach},
  author={Maull, Keith E and Saldivar, Manuel Gerardo and Sumner, Tamara},
  publisher={Citeseer}
}

@article{ram1990conceptualization,
  title={The conceptualization and measurement of product usage},
  author={Ram, Sudha and Jung, Hyung-Shik},
  journal={Journal of the Academy of Marketing Science},
  volume={18},
  number={1},
  pages={67--76},
  year={1990},
  publisher={Springer}
}
@PhdThesis{xu,
author = {Beijie Xu},
title = {Understanding Teacher Users of a Digital Library Service: A Clustering Approach},
school = {Utah State University},
year = {2011},
OPTkey = {•},
OPTtype = {•},
OPTaddress = {•},
OPTmonth = {•},
OPTnote = {•},
OPTannote = {•}
}

@article{brandtzaeg2010towards,
  title={Towards a unified Media-User Typology (MUT): A meta-analysis and review of the research literature on media-user typologies},
  author={Brandtz{\ae}g, Petter Bae},
  journal={Computers in Human Behavior},
  volume={26},
  number={5},
  pages={940--956},
  year={2010},
  publisher={Elsevier}
}

@inproceedings{adar2007we,
  title={Why we search: visualizing and predicting user behavior},
  author={Adar, Eytan and Weld, Daniel S and Bershad, Brian N and Gribble, Steven S},
  booktitle={Proceedings of the 16th international conference on World Wide Web},
  pages={161--170},
  year={2007},
  organization={ACM}
}

@inproceedings{Attenberg:2009,
 author = {Attenberg, Josh and Pandey, Sandeep and Suel, Torsten},
 title = {Modeling and Predicting User Behavior in Sponsored Search},
 booktitle = {Proceedings of the 15th ACM SIGKDD International Conference on Knowledge Discovery and Data Mining},
 series = {KDD '09},
 year = {2009},
 isbn = {978-1-60558-495-9},
 location = {Paris, France},
 pages = {1067--1076},
 numpages = {10},
 url = {http://doi.acm.org/10.1145/1557019.1557135},
 doi = {10.1145/1557019.1557135},
 acmid = {1557135},
 publisher = {ACM},
 address = {New York, NY, USA},
 keywords = {implicit feedback, sponsored search, user behavior},
}

@ARTICLE{marchionini,
	AUTHOR = "Marchionini Gary, Maurer Hermann",
	TITLE = "The roles of digital libraries in teaching and learning",
	JOURNAL = "Communications of the ACM",
	VOLUME = {38},
	NUMBER = {4},
	PAGES = {67-75},
	YEAR = {1995}}
	
@ARTICLE{bowman:reasoning,
	AUTHOR = "Mic Bowman and Saumya K. Debray and Larry L. Peterson",
	TITLE = "Reasoning About Naming Systems",
	JOURNAL = "ACM Trans. Program. Lang. Syst.",
	VOLUME = {15},
	NUMBER = {5},
	PAGES = {795-825},
	MONTH = "November",
	YEAR = {1993}	}

@ARTICLE{braams:babel,
	AUTHOR = "Johannes Braams",
	TITLE = "Babel, a Multilingual Style-Option System for Use with LaTeX's Standard Document Styles",
	JOURNAL = {TUGboat},
	VOLUME = {12},
	NUMBER = {2},
	PAGES = {291-301},
	MONTH = "June",
	YEAR = {1991}	}

@INPROCEEDINGS{clark:pct,
	AUTHOR = "Malcolm Clark",
	TITLE = "Post Congress Tristesse",
	BOOKTITLE = "TeX90 Conference Proceedings",
	PAGES = "84-89",
	ORGANIZATION = "TeX Users Group",
	MONTH = "March", 
	YEAR = {1991}	}

@ARTICLE{herlihy:methodology,
	AUTHOR = "Maurice Herlihy",
	TITLE = "A Methodology for Implementing Highly Concurrent
	Data Objects",
	JOURNAL = {ACM Trans. Program. Lang. Syst.},
	VOLUME = {15},
	NUMBER = {5},
	PAGES = {745-770},
	MONTH = "November",
	YEAR = {1993}	}

@BOOK{Lamport:LaTeX,
	AUTHOR = "Leslie Lamport",
	TITLE = "LaTeX User's Guide and Document Reference Manual",
	PUBLISHER = "Addison-Wesley Publishing Company",
	ADDRESS = "Reading, Massachusetts",
	YEAR = "1986"	}

@BOOK{salas:calculus,
	AUTHOR = "S.L. Salas and Einar Hille",
	TITLE = "Calculus: One and Several Variable",
	PUBLISHER = "John Wiley and Sons",
	ADDRESS = "New York",
	YEAR = "1978"	}






